% SECTION: Motivation

@misc{evans2019developers,
  author    = {{Evans Data Corporation (EDC)}},
  note      = {{Vol. 1}},
  publisher = {{Evans Data Corporation (EDC)}},
  title     = {Global Developer Population and Demographic Study},
  year      = 2019
}

@article{kula2017impact,
  author  = {Kula, Raula Gaikovina and Ouni, Ali and German, Daniel M and Inoue, Katsuro},
  journal = {arXiv preprint arXiv:1709.04638},
  title   = {On the impact of micro-packages: an empirical study of the npm JavaScript ecosystem},
  year    = {2017}
}

@inproceedings{graziotin2017unhappiness,
  author    = {Graziotin, Daniel and Fagerholm, Fabian and Wang, Xiaofeng
                  and Abrahamsson, Pekka},
  booktitle = {Proceedings of the 21st international conference on
                  evaluation and assessment in software engineering},
  pages     = {324--333},
  title     = {On the unhappiness of software developers},
  year      = 2017
}

@article{graziotin2018happens,
  author    = {Graziotin, Daniel and Fagerholm, Fabian and Wang, Xiaofeng
                  and Abrahamsson, Pekka},
  journal   = {Journal of Systems and Software},
  pages     = {32--47},
  publisher = {Elsevier},
  title     = {What happens when software developers are (un) happy},
  volume    = 140,
  year      = 2018
}

@inproceedings{ortu2016emotional,
  author       = {Ortu, Marco and Murgia, Alessandro and Destefanis, Giuseppe
                  and Tourani, Parastou and Tonelli, Roberto and Marchesi,
                  Michele and Adams, Bram},
  booktitle    = {2016 IEEE/ACM 13th Working Conference on Mining Software
                  Repositories (MSR)},
  organization = {IEEE},
  pages        = {480--483},
  title        = {The emotional side of software developers in JIRA},
  year         = 2016
}

@article{wobbrock2016research,
  author  = {Wobbrock, Jacob O},
  journal = {The Information School University of Washington},
  title   = {Research Contribution Types in Human-Computer Interaction},
  year    = {2016}
}

% --------------------
% SECTION: State-of-The-Art Literature
% --------------------
% SUBSECTION: Play

@article{fenson1985origins,
  author    = {Fenson, Larry and Schell, Robert E},
  journal   = {Early Child Development and Care},
  number    = {1-2},
  pages     = {3--24},
  publisher = {Taylor \& Francis},
  title     = {The origins of exploratory play},
  volume    = {19},
  year      = {1985}
}

@article{baldwin1993infants,
  author    = {Baldwin, Dare A and Markman, Ellen M and Melartin, Riikka L},
  journal   = {Child development},
  number    = {3},
  pages     = {711--728},
  publisher = {Wiley Online Library},
  title     = {Infants' ability to draw inferences about nonobvious object properties: Evidence from exploratory play},
  volume    = {64},
  year      = {1993}
}

@book{huizinga2020homo,
  author    = {Huizinga, Johan},
  publisher = {Editora Perspectiva SA},
  title     = {Homo ludens},
  year      = {2020}
}

@book{sicart2014play,
  author    = {Sicart, Miguel},
  publisher = {mit Press},
  title     = {Play matters},
  year      = {2014}
}

@article{resnick2004edutainment,
  author  = {Resnick, Mitchel},
  journal = {Associazione Civita Report on Edutainment},
  pages   = {1--4},
  title   = {Edutainment? No thanks. I prefer playful learning},
  volume  = 14,
  year    = 2004
}

@book{bogost2007persuasive,
  author    = {Bogost, Ian},
  publisher = {Cambridge, MA: MIT Press},
  title     = {Persuasive games},
  volume    = {5},
  year      = {2007}
}

@book{sutton2009ambiguity,
  author    = {Sutton-Smith, Brian},
  publisher = {Harvard University Press},
  title     = {The ambiguity of play},
  year      = {2009}
}

@article{berlin2004methodology,
  author  = {Berlin, Kopfwerk},
  journal = {2004). Ethics and Socratic Dialogue in Civil Society. M{\"u}nster: Lit. Verlag},
  pages   = {148--168},
  title   = {The methodology of Socratic dialogue: Creating Socratic questions and the importance of being specific},
  year    = {2004}
}

@book{suits2020grasshopper,
  author    = {Suits, Bernard},
  publisher = {University of Toronto Press},
  title     = {The grasshopper},
  year      = {2020}
}

@book{salen2004rules,
  author    = {Salen, Katie and Tekinba{\c{s}}, Katie Salen and Zimmerman, Eric},
  publisher = {MIT press},
  title     = {Rules of play: Game design fundamentals},
  year      = {2004}
}

@article{consalvo2009there,
  author    = {Consalvo, Mia},
  journal   = {Games and culture},
  number    = {4},
  pages     = {408--417},
  publisher = {SAGE Publications Sage CA: Los Angeles, CA},
  title     = {There is no magic circle},
  volume    = {4},
  year      = {2009}
}

@book{copier2007beyond,
  author    = {Copier, Marinka},
  publisher = {Utrecht University},
  title     = {Beyond the magic circle: A network perspective on role-play in online games},
  year      = {2007}
}

@article{rodriguez2006playful,
  author    = {Rodriguez, Hector},
  journal   = {Game Studies},
  number    = {1},
  pages     = {1604--7982},
  publisher = {Game Studies},
  title     = {The playful and the serious: An approximation to Huizinga's Homo Ludens},
  volume    = {6},
  year      = {2006}
}

@article{kaprow1993essays,
  author  = {Kaprow, Allan},
  journal = {J. Kelley. Berkeley: University of California Press},
  title   = {Essays on the Blurring of Art and Life, ed},
  year    = {1993}
}

@article{anchor1978history,
  author    = {Anchor, Robert},
  journal   = {History and theory},
  number    = {1},
  pages     = {63--93},
  publisher = {JSTOR},
  title     = {History and play: Johan Huizinga and his critics},
  volume    = {17},
  year      = {1978}
}

@article{back2008paper,
  author    = {B{\"a}ck, Allan},
  journal   = {Journal of the Philosophy of Sport},
  number    = {2},
  pages     = {156--174},
  publisher = {Taylor \& Francis},
  title     = {The paper world of Bernard Suits},
  volume    = {35},
  year      = {2008}
}

@article{mitchell2020reconsidering,
  author  = {Mitchell, Liam},
  journal = {Game Stud.},
  number  = {3},
  title   = {Reconsidering The Grasshopper: On the Reception of Bernard Suits in Game Studies.},
  volume  = {20},
  year    = {2020}
}

@book{murray2017hamlet,
  author    = {Murray, Janet Horowitz and Murray, Janet H},
  publisher = {MIT press},
  title     = {Hamlet on the holodeck: The future of narrative in cyberspace},
  year      = {2017}
}

@article{wein2000suttonreview,
  author          = {Elizabeth Wein},
  issn            = {00218715, 15351882},
  journal         = {The Journal of American Folklore},
  number          = {448},
  pages           = {213--214},
  publisher       = {University of Illinois Press},
  reviewed-author = {Brian Sutton-Smith},
  title           = {The Journal of American Folklore, Vol. 113, No. 448},
  url             = {http://www.jstor.org/stable/541295},
  volume          = {113},
  year            = {2000}
}

@book{hjorth2019understanding,
  author    = {Hjorth, Larissa and Hinton, Sam},
  publisher = {Sage},
  title     = {Understanding social media},
  year      = {2019}
}

@book{phillips2018ambivalent,
  author    = {Phillips, Whitney and Milner, Ryan M},
  publisher = {John Wiley \& Sons},
  title     = {The ambivalent Internet: Mischief, oddity, and antagonism online},
  year      = {2018}
}

@book{daniel2018video,
  author    = {Daniel, Muriel and Garry, Crawford},
  publisher = {Routledge},
  title     = {Video games as culture: considering the role and importance of video games in contemporary society},
  year      = {2018}
}

@book{spracklen2015digital,
  author    = {Spracklen, Karl},
  publisher = {Springer},
  title     = {Digital leisure, the internet and popular culture: Communities and identities in a digital age},
  year      = {2015}
}

% SUBSECTION: Gamification

@inproceedings{deterding2011gamification,
  address   = {New York, NY, USA},
  author    = {Deterding, Sebastian and Sicart, Miguel and Nacke, Lennart and O'Hara, Kenton and Dixon, Dan},
  booktitle = {CHI '11 Extended Abstracts on Human Factors in Computing Systems},
  doi       = {10.1145/1979742.1979575},
  isbn      = {9781450302685},
  keywords  = {funology, design patterns, games with a purpose, gamification, motivational affordances, persuasive technology, game design},
  location  = {Vancouver, BC, Canada},
  note      = {DOI: \url{https://doi.org/10.1145/1979742.1979575}},
  numpages  = {4},
  pages     = {2425â€“2428},
  publisher = {Association for Computing Machinery},
  series    = {CHI EA '11},
  title     = {Gamification. Using Game-Design Elements in Non-Gaming Contexts},
  year      = {2011}
}

@article{sailer2014psychological,
  author  = {Sailer, Michael and Hense, Jan and Mandl, J and Klevers, Markus},
  journal = {Interaction Design and Architecture Journal},
  number  = {19},
  pages   = {28--37},
  title   = {Psychological perspectives on motivation through gamification},
  year    = {2014}
}

@article{sailer2017gamification,
  author    = {Sailer, Michael and Hense, Jan Ulrich and Mayr, Sarah Katharina and Mandl, Heinz},
  journal   = {Computers in Human Behavior},
  note      = {DOI: \url{https://doi.org/10.1016/j.chb.2016.12.033}},
  pages     = {371--380},
  publisher = {Elsevier},
  title     = {How gamification motivates: An experimental study of the effects of specific game design elements on psychological need satisfaction},
  volume    = {69},
  year      = {2017}
}

@book{werbach2012win,
  author    = {Werbach, Kevin and Hunter, Dan},
  publisher = {Wharton digital press},
  title     = {For the win: How game thinking can revolutionize your business},
  year      = {2012}
}

@inproceedings{antin2011badges,
  author       = {Antin, Judd and Churchill, Elizabeth F},
  booktitle    = {CHI 2011 Gamification Workshop Proceedings},
  organization = {Vancouver, BC},
  title        = {Badges in social media: A social psychological perspective},
  volume       = {7},
  year         = {2011}
}

@article{landers2014empirical,
  author    = {Landers, Richard N and Landers, Amy K},
  journal   = {Simulation \& Gaming},
  note      = {DOI: \url{https://doi.org/10.1177%2F1046878114563662}},
  number    = {6},
  pages     = {769--785},
  publisher = {SAGE Publications Sage CA: Los Angeles, CA},
  title     = {An empirical test of the theory of gamified learning: The effect of leaderboards on time-on-task and academic performance},
  volume    = {45},
  year      = {2014}
}

@article{dweck1986motivational,
  author    = {Dweck, Carol S},
  journal   = {American psychologist},
  number    = {10},
  pages     = {1040},
  publisher = {American Psychological Association},
  title     = {Motivational processes affecting learning.},
  volume    = {41},
  year      = {1986}
}

@article{nicholls1984achievement,
  author    = {Nicholls, John G},
  journal   = {Psychological review},
  number    = {3},
  pages     = {328},
  publisher = {American Psychological Association},
  title     = {Achievement motivation: conceptions of ability, subjective experience, task choice, and performance.},
  volume    = {91},
  year      = {1984}
}

@incollection{nicholson2015recipe,
  author    = {Nicholson, Scott},
  booktitle = {Gamification in education and business},
  note      = {DOI: \url{https://doi.org/10.1007/978-3-319-10208-5_1}},
  pages     = {1--20},
  publisher = {Springer},
  title     = {A recipe for meaningful gamification},
  year      = {2015}
}

@book{kapp2012gamification,
  author    = {Kapp, Karl M},
  publisher = {John Wiley \& Sons},
  title     = {The gamification of learning and instruction: game-based methods and strategies for training and education},
  year      = {2012}
}

@book{zichermann2010game,
  author    = {Zichermann, Gabe and Linder, Joselin},
  publisher = {John Wiley \& Sons},
  title     = {Game-based marketing: inspire customer loyalty through rewards, challenges, and contests},
  year      = {2010}
}

@book{zichermann2011gamification,
  author    = {Zichermann, Gabe and Cunningham, Christopher},
  publisher = {" O'Reilly Media, Inc."},
  title     = {Gamification by design: Implementing game mechanics in web and mobile apps},
  year      = {2011}
}

@article{bogost2014gamification,
  author    = {Bogost, Ian},
  journal   = {The gameful world: Approaches, issues, applications},
  pages     = {65--79},
  publisher = {Mit Press Cambridge, MA},
  title     = {Why gamification is bullshit},
  year      = {2014}
}

@inproceedings{knaving2013designing,
  author    = {Knaving, Kristina and Bj{\"o}rk, Staffan},
  booktitle = {Proceedings of the first International conference on gameful design, research, and applications},
  note      = {DOI: \url{https://doi.org/10.1145/2583008.2583032}},
  pages     = {131--134},
  title     = {Designing for fun and play: exploring possibilities in design for gamification},
  year      = {2013}
}

@inproceedings{stanculescu2016work,
  author    = {Stanculescu, Laurentiu Catalin and Bozzon, Alessandro and Sips, Robert-Jan and Houben, Geert-Jan},
  booktitle = {Proceedings of the 19th ACM Conference on Computer-Supported Cooperative Work \& Social Computing},
  note      = {DOI: \url{https://doi.org/10.1145/2818048.2820061}},
  pages     = {346--358},
  title     = {Work and play: An experiment in enterprise gamification},
  year      = {2016}
}

% SUBSECTION: Onboarding

@article{yates2014onboarding,
  author    = {Yates, Rebecca Yolande},
  publisher = {University of Limerick},
  title     = {Onboarding in software engineering},
  year      = {2014}
}

@inproceedings{zhou2011does,
  author    = {Zhou, Minghui and Mockus, Audris},
  booktitle = {Proceedings of the 33rd International Conference on Software Engineering},
  pages     = {271--280},
  title     = {Does the initial environment impact the future of developers?},
  year      = {2011}
}

@inproceedings{sim1998ramp,
  author       = {Sim, Susan Elliott and Holt, Richard C},
  booktitle    = {Proceedings of the 20th international conference on Software engineering},
  organization = {IEEE},
  pages        = {361--370},
  title        = {The ramp-up problem in software projects: A case study of how software immigrants naturalize},
  year         = {1998}
}

@inproceedings{dagenais2010moving,
  author    = {Dagenais, Barth{\'e}l{\'e}my and Ossher, Harold and Bellamy, Rachel KE and Robillard, Martin P and De Vries, Jacqueline P},
  booktitle = {Proceedings of the 32nd ACM/IEEE International Conference on Software Engineering-Volume 1},
  note      = {DOI: \url{https://doi.org/10.1145/1806799.1806842}},
  pages     = {275--284},
  title     = {Moving into a new software project landscape},
  year      = {2010}
}

@inproceedings{berlin1992consultants,
  author    = {Berlin, Lucy M and Jeffries, Robin},
  booktitle = {Proceedings of the 1992 ACM conference on Computer-supported cooperative work},
  pages     = {130--137},
  title     = {Consultants and apprentices: observations about learning and collaborative problem solving},
  year      = {1992}
}

@article{neville2008code,
  author    = {Neville-Neil, George V},
  journal   = {Communications of the ACM},
  note      = {DOI: \url{http://doi.acm.org/10.1145/1400181.1400194}},
  number    = {10},
  pages     = {36--41},
  publisher = {ACM New York, NY, USA},
  title     = {Code spelunking redux},
  volume    = {51},
  year      = {2008}
}

@inproceedings{zhou2010developer,
  author    = {Zhou, Minghui and Mockus, Audris},
  booktitle = {Proceedings of the eighteenth ACM SIGSOFT international symposium on Foundations of software engineering},
  note      = {DOI: \url{https://doi.org/10.1145/1882291.1882313}},
  pages     = {137--146},
  title     = {Developer fluency: Achieving true mastery in software projects},
  year      = {2010}
}

@inproceedings{cherubini2007let,
  author    = {Cherubini, Mauro and Venolia, Gina and DeLine, Rob and Ko, Andrew J},
  booktitle = {Proceedings of the SIGCHI conference on Human factors in computing systems},
  note      = {DOI: \url{https://doi.org/10.1145/1240624.1240714}},
  pages     = {557--566},
  title     = {Let's go to the whiteboard: how and why software developers use drawings},
  year      = {2007}
}

@inproceedings{dominic2020onboarding,
  author    = {Dominic, James and Ritter, Charles and Rodeghero, Paige},
  booktitle = {Proceedings of the International Conference on Software and System Processes},
  note      = {DOI: \url{https://doi.org/10.1145/3379177.3388901}},
  pages     = {91--94},
  title     = {Onboarding Bot for Newcomers to Software Engineering},
  year      = {2020}
}

@article{steinmacher2018let,
  author    = {Steinmacher, Igor and Treude, Christoph and Gerosa, Marco Aurelio},
  journal   = {IEEE Software},
  note      = {DOI: \url{https://doi.org/10.1109/MS.2018.110162131}},
  number    = {4},
  pages     = {41--49},
  publisher = {IEEE},
  title     = {Let me in: Guidelines for the successful onboarding of newcomers to open source projects},
  volume    = {36},
  year      = {2018}
}

@article{bauer2011organizational,
  author    = {Bauer, Talya N and Erdogan, Berrin},
  note      = {DOI: \url{https://doi.org/10.1037/12171-002}},
  publisher = {American Psychological Association},
  title     = {Organizational socialization: The effective onboarding of new employees.},
  year      = {2011}
}

@incollection{cybenko1999foundations,
  author    = {Cybenko, George and Brewington, Brian},
  booktitle = {The mathematics of information coding, extraction and distribution},
  pages     = {9--30},
  publisher = {Springer},
  title     = {The foundations of information push and pull},
  year      = {1999}
}

@article{berlin1993beyond,
  author  = {Berlin, Lucy M},
  journal = {ESP},
  number  = {744},
  pages   = {6--25},
  title   = {Beyond program understanding: A look at programming expertise in industry},
  volume  = {93},
  year    = {1993}
}

@book{demarco2013peopleware,
  author    = {DeMarco, Tom and Lister, Tim},
  publisher = {Addison-Wesley},
  title     = {Peopleware: productive projects and teams},
  year      = {2013}
}

% SUBSECTION: Play in software Dev

@book{robbins2008learning,
  author    = {Robbins, Arnold and Hannah, Elbert and Lamb, Linda},
  publisher = {" O'Reilly Media, Inc."},
  title     = {Learning the vi and Vim Editors},
  year      = {2008}
}

@book{bogost2011things,
  author    = {Bogost, Ian},
  publisher = {U of Minnesota Press},
  title     = {How to do things with videogames},
  year      = {2011}
}

@misc{vimtutor,
  author       = {Michael C. Pierce and Robert K. Ware},
  howpublished = {\url{http://www2.geog.ucl.ac.uk/~plewis/teaching/unix/vimtutor}},
  note         = {Accessed on: 14-08-2021},
  title        = {{Vimtutor}},
  year         = {Year: \textit{unknown}}
}

@article{lopez2021lego,
  author    = {L{\'o}pez-Fern{\'a}ndez, Daniel and Gordillo, Aldo and Ortega, Fernando and Yag{\"u}e, Agust{\'\i}n and Tovar, Edmundo},
  journal   = {IEEE Access},
  note      = {DOI: \url{https://doi.org/10.1109/ACCESS.2021.3095552}},
  pages     = {103120--103131},
  publisher = {IEEE},
  title     = {LEGO{\textregistered} Serious Play in Software Engineering Education},
  volume    = {9},
  year      = {2021}
}

@inproceedings{childers2010organizing,
  author       = {Childers, Nicholas and Boe, Bryce and Cavallaro, Lorenzo and Cavedon, Ludovico and Cova, Marco and Egele, Manuel and Vigna, Giovanni},
  booktitle    = {International Conference on Detection of Intrusions and Malware, and Vulnerability Assessment},
  note         = {DOI: \url{https://doi.org/10.1007/978-3-642-14215-4_8}},
  organization = {Springer},
  pages        = {132--152},
  title        = {Organizing large scale hacking competitions},
  year         = {2010}
}

@article{briscoe2014digital,
  author = {Briscoe, Gerard},
  title  = {Digital innovation: The hackathon phenomenon},
  year   = {2014}
}

@article{hjorth2018beyond,
  author  = {Hjorth, Larissa and Pink, Sarah and Horst, Heather and Sinanan, Jolynna and Ohashi, Kana and Kato, Fumitoshi and Zhou, Baohua},
  journal = {Transnational Migrations in the Asia-Pacific: Transformative Experiences in the Age of Digital Media},
  pages   = {129--151},
  title   = {Beyond emoji play: paralinguistics and intergenerational care-at-distance},
  year    = {2018}
}

@inproceedings{kultima2015defining,
  author    = {Kultima, Annakaisa},
  booktitle = {FDG},
  title     = {Defining Game Jam.},
  year      = {2015}
}

@inproceedings{latoza2006maintaining,
  author    = {LaToza, Thomas D and Venolia, Gina and DeLine, Robert},
  booktitle = {Proceedings of the 28th international conference on Software engineering},
  pages     = {492--501},
  title     = {Maintaining mental models: a study of developer work habits},
  year      = {2006}
}

@misc{codingame2021,
  author       = {{CodinGame}},
  howpublished = {\url{https://www.codingame.com/}},
  note         = {Accessed on: 24-05-2021},
  title        = {{CodinGame}},
  year         = {2021}
}

@misc{codecombat2021,
  author       = {{CodeCombat Inc.}},
  howpublished = {\url{https://codecombat.com/}},
  note         = {Accessed on: 24-05-2021},
  title        = {{Code Combat}},
  year         = {2021}
}

@misc{starbasewiki2021,
  author       = {{Starbase Game WIKI}},
  howpublished = {\url{https://wiki.starbasegame.com/index.php/YOLOL}},
  note         = {Accessed on: 24-05-2021},
  title        = {{YOLOL}},
  year         = {2021}
}


% --------------------
% SECTION: METHODOLOGY
% --------------------

@article{stolterman2008nature,
  author    = {Stolterman, Erik},
  journal   = {International Journal of Design},
  number    = {1},
  publisher = {Chinese Institute of Design},
  title     = {The nature of design practice and implications for interaction design research},
  volume    = {2},
  year      = {2008}
}

@inproceedings{zimmerman2007research,
  author    = {Zimmerman, John and Forlizzi, Jodi and Evenson, Shelley},
  booktitle = {Proceedings of the SIGCHI conference on Human factors in computing systems},
  note      = {DOI: \url{https://doi.org/10.1145/1240624.1240704}},
  pages     = {493--502},
  title     = {Research through design as a method for interaction design research in HCI},
  year      = {2007}
}

@inproceedings{zimmerman2010analysis,
  author    = {Zimmerman, John and Stolterman, Erik and Forlizzi, Jodi},
  booktitle = {proceedings of the 8th ACM conference on designing interactive systems},
  pages     = {310--319},
  title     = {An analysis and critique of Research through Design: towards a formalization of a research approach},
  year      = {2010}
}

@article{sanders2008evolving,
  author  = {Sanders, Liz},
  journal = {interactions},
  number  = {6},
  pages   = {13--17},
  title   = {An evolving map of design practice and design research},
  volume  = {15},
  year    = {2008}
}

@book{mattelmaki2006design,
  author    = {Mattelm{\"a}ki, Tuuli and others},
  publisher = {Aalto University},
  title     = {Design probes},
  year      = {2006}
}

@book{simon2019sciences,
  author    = {Simon, Herbert A},
  publisher = {MIT press},
  title     = {The sciences of the artificial},
  year      = {1969}
}

@article{coughlan2007prototypes,
  author    = {Coughlan, Peter and Suri, Jane Fulton and Canales, Katherine},
  journal   = {The journal of applied behavioral science},
  number    = {1},
  pages     = {122--134},
  publisher = {Sage Publications Sage CA: Thousand Oaks, CA},
  title     = {Prototypes as (design) tools for behavioral and organizational change: A design-based approach to help organizations change work behaviors},
  volume    = {43},
  year      = {2007}
}

@inproceedings{akama2010community,
  author    = {Akama, Yoko and Ivanka, Tania},
  booktitle = {Proceedings of the 11th biennial participatory design conference},
  note      = {DOI: \url{https://doi.org/10.1145/1900441.1900444}},
  pages     = {11--20},
  title     = {What community? Facilitating awareness of'community'through Playful Triggers},
  year      = {2010}
}

@article{frayling1994research,
  author    = {Frayling, Christopher},
  publisher = {Royal College of Art},
  title     = {Research in art and design (Royal College of Art Research Papers, vol 1, no 1, 1993/4)},
  year      = {1994}
}

@incollection{zimmerman2014research,
  author    = {Zimmerman, John and Forlizzi, Jodi},
  booktitle = {Ways of Knowing in HCI},
  note      = {DOI: \url{https://doi.org/10.1007/978-1-4939-0378-8_8}},
  pages     = {167--189},
  publisher = {Springer},
  title     = {Research through design in HCI},
  year      = {2014}
}

@article{braun2006using,
  author    = {Braun, Virginia and Clarke, Victoria},
  journal   = {Qualitative research in psychology},
  number    = 2,
  pages     = {77--101},
  publisher = {Taylor \& Francis},
  title     = {Using thematic analysis in psychology},
  volume    = 3,
  year      = 2006
}

@article{longhurst2003semi,
  author  = {Longhurst, Robyn},
  journal = {Key methods in geography},
  number  = {2},
  pages   = {143--156},
  title   = {Semi-structured interviews and focus groups},
  volume  = {3},
  year    = {2003}
}

@book{flick2018introduction,
  author    = {Flick, Uwe},
  publisher = {sage},
  title     = {An introduction to qualitative research},
  year      = {2018}
}

@inproceedings{bardzell2016documenting,
  author    = {Bardzell, Jeffrey and Bardzell, Shaowen and Dalsgaard, Peter and Gross, Shad and Halskov, Kim},
  booktitle = {Proceedings of the 2016 ACM Conference on Designing Interactive Systems},
  pages     = {96--107},
  title     = {Documenting the research through design process},
  year      = {2016}
}

@article{gaver1999design,
  author    = {Gaver, Bill and Dunne, Tony and Pacenti, Elena},
  journal   = {interactions},
  number    = {1},
  pages     = {21--29},
  publisher = {ACM New York, NY, USA},
  title     = {Design: cultural probes},
  volume    = {6},
  year      = {1999}
}

@article{forbes2011probing,
  author = {Forbes, Paula and De Paoli, Stefano},
  title  = {â€˜Probing with the prototypeâ€™: using a prototype e-participation platform as a digital cultural probe to investigate youth engagement with the environment},
  year   = {2011}
}

@inproceedings{digitalprobing2003,
  abstract  = {The poster presents digital cultural probes as a way of advising the design of children's technology.},
  address   = {New York, NY, USA},
  author    = {Iversen, Ole Sejer and Nielsen, Christina},
  booktitle = {Proceedings of the 2003 Conference on Interaction Design and Children},
  doi       = {10.1145/953536.953564},
  isbn      = {158113732X},
  keywords  = {design with children, digital cultural probes},
  location  = {Preston, England},
  numpages  = {1},
  pages     = {154},
  publisher = {Association for Computing Machinery},
  series    = {IDC '03},
  title     = {Using Digital Cultural Probes in Design with Children},
  url       = {https://doi.org/10.1145/953536.953564},
  year      = {2003}
}

@inproceedings{crabtree2003designing,
  author    = {Crabtree, Andy and Hemmings, Terry and Rodden, Tom and Cheverst, Keith and Clarke, Karen and Dewsbury, Guy and Hughes, John and Rouncefield, Mark},
  booktitle = {Proceedings of the 2004 Australasian Conference on Computer-Human Interaction (OZCHI2004)},
  pages     = {4--13},
  title     = {Designing with care: Adapting cultural probes to inform design in sensitive settings},
  year      = {2003}
}

@inproceedings{wyeth2006designing,
  author    = {Wyeth, Peta and Diercke, Carla},
  booktitle = {Proceedings of the 18th Australia conference on Computer-Human Interaction: Design: Activities, Artefacts and Environments},
  note      = {DOI: \url{https://doi.org/10.1145/1228175.1228252}},
  pages     = {385--388},
  title     = {Designing cultural probes for children},
  year      = {2006}
}

@inproceedings{kjeldskov2004using,
  author       = {Kjeldskov, Jesper and Gibbs, Martin and Vetere, Frank and Howard, Steve and Pedell, Sonja and Mecoles, Karen and Bunyan, Marcus},
  booktitle    = {Using Cultural Probes to Explore Mediated Intimacy},
  organization = {CHISIG},
  title        = {Using cultural probes to explore mediated intimacy},
  year         = {2004}
}

@article{celikoglu2017user,
  author    = {Celikoglu, Ozge Merzali and Ogut, Sebnem Timur and Krippendorff, Klaus},
  journal   = {Design Issues},
  note      = {DOI: \url{https://doi.org/10.1162/DESI_a_00441}},
  number    = {2},
  pages     = {84--98},
  publisher = {MIT Press},
  title     = {How do user stories inspire design? A study of cultural probes},
  volume    = {33},
  year      = {2017}
}

@inproceedings{fisher2016adapting,
  author    = {Fisher, Karen E and Yefimova, Katya and Bishop, Ann P},
  booktitle = {Proceedings of the 2016 CHI conference extended abstracts on human factors in computing systems},
  note      = {DOI: \url{https://doi.org/10.1145/2851581.2851603}},
  pages     = {859--871},
  title     = {Adapting design thinking and cultural probes to the experiences of immigrant youth: Uncovering the roles of visual media and music in ICT wayfaring},
  year      = {2016}
}

@inproceedings{hutchinson2003technology,
  author    = {Hutchinson, Hilary and Mackay, Wendy and Westerlund, Bo and Bederson, Benjamin B and Druin, Allison and Plaisant, Catherine and Beaudouin-Lafon, Michel and Conversy, St{\'e}phane and Evans, Helen and Hansen, Heiko and others},
  booktitle = {Proceedings of the SIGCHI conference on Human factors in computing systems},
  note      = {DOI: \url{https://doi.org/10.1145/642611.642616}},
  pages     = {17--24},
  title     = {Technology probes: inspiring design for and with families},
  year      = {2003}
}

@inproceedings{iversen2003using,
  author    = {Iversen, Ole Sejer and Nielsen, Christina},
  booktitle = {Interaction Design And Children: Proceeding of the 2003 conference on Interaction design and children},
  number    = {03},
  pages     = {154--154},
  title     = {Using digital cultural probes in design with children},
  volume    = {1},
  year      = {2003}
}

@inproceedings{fitton2004probing,
  author       = {Fitton, Dan and Cheverst, Keith and Rouncefield, Mark and Dix, Alan and Crabtree, Andy},
  booktitle    = {Equator Workshop on Record and Replay Technologies},
  organization = {Citeseer},
  title        = {Probing technology with technology probes},
  year         = {2004}
}

@inproceedings{o2006holding,
  author    = {O'Brien, Shannon and Mueller, Florian'Floyd'},
  booktitle = {Proceedings of the 18th Australia Conference on Computer-Human Interaction: Design: Activities, Artefacts and Environments},
  note      = {DOI: \url{https://doi.org/10.1145/1228175.1228226}},
  pages     = {293--296},
  title     = {Holding hands over a distance: technology probes in an intimate, mobile context},
  year      = {2006}
}

@inproceedings{edwards2011exploring,
  author    = {Edwards, Helen M and McDonald, Sharon and Zhao, Tingting},
  booktitle = {Proceedings of HCI 2011 The 25th BCS Conference on Human Computer Interaction 25},
  note      = {DOI: \url{https://doi.org/10.14236/ewic/HCI2011.34}},
  pages     = {104--113},
  title     = {Exploring teenagersâ€™ motivation to exercise through technology probes},
  year      = {2011}
}

@book{witzel2012problem,
  author    = {Witzel, Andreas and Reiter, Herwig},
  publisher = {Sage},
  title     = {The problem-centred interview},
  year      = {2012}
}

@book{schreier2012qualitative,
  author    = {Schreier, Margrit},
  publisher = {Sage publications},
  title     = {Qualitative content analysis in practice},
  year      = {2012}
}

@misc{ideo2021brainstorming,
  author       = {{IDEO U}},
  howpublished = {\url{https://www.ideou.com/pages/brainstorming}},
  note         = {accessed on 19th of August 2021},
  title        = {Brainstorming},
  year         = {2021}
}

@misc{ia2021dumping,
  author       = {Friis Dam, Rikke and Siang, Teo Yu},
  howpublished = {\url{https://www.interaction-design.org/literature/article/learn-how-to-use-the-best-ideation-methods-brainstorming-braindumping-brainwriting-and-brainwalking}},
  note         = {accessed on 18th of August 2021},
  title        = {Learn How to Use the Best Ideation Methods: Brainstorming, Braindumping, Brainwriting, and Brainwalking},
  year         = {2020}
}

@misc{so2021,
  author       = {{Stackoverflow Insights}},
  howpublished = {\url{https://www.interaction-design.org/literature/article/learn-how-to-use-the-best-ideation-methods-brainstorming-braindumping-brainwriting-and-brainwalking}},
  note         = {accessed on 11th of August 2021},
  title        = {2021 Developer Survey},
  year         = {2021}
}

@inproceedings{jaspan2018advantages,
  author    = {Jaspan, Ciera and Jorde, Matthew and Knight, Andrea and Sadowski, Caitlin and Smith, Edward K and Winter, Collin and Murphy-Hill, Emerson},
  booktitle = {Proceedings of the 40th International Conference on Software Engineering: Software Engineering in Practice},
  note      = {DOI: \url{https://doi.org/10.1145/3183519.3183550}},
  pages     = {225--234},
  title     = {Advantages and disadvantages of a monolithic repository: a case study at google},
  year      = {2018}
}

@misc{circles2017,
  author       = {Jeroen Wimmers},
  howpublished = {\url{https://store.steampowered.com/app/460250/_Circles/}},
  note         = {accessed on 12th of August 2021},
  title        = {Circles},
  year         = {2017}
}
@misc{thomas2015,
  author       = {Jeroen Wimmers},
  howpublished = {\url{https://store.steampowered.com/app/460250/_Circles/}},
  note         = {accessed on 12th of August 2021},
  title        = {Circles},
  year         = {2017}
}
@misc{dribble2021,
  author       = {Mike Bithell},
  howpublished = {\url{http://www.mikebithellgames.com/thomaswasalone/}},
  note         = {accessed on 12th of August 2021},
  title        = {Thomas Was Alone},
  year         = {{Year Unknown}}
}

@inproceedings{nealen2011towards,
  author    = {Nealen, Andy and Saltsman, Adam and Boxerman, Eddy},
  booktitle = {Proceedings of the 6th International Conference on Foundations of Digital Games},
  note      = {DOI: \url{https://doi.org/10.1145/2159365.2159371}},
  pages     = {38--45},
  title     = {Towards minimalist game design},
  year      = {2011}
}

@inproceedings{schreier2014ways,
  author    = {Schreier, Margrit},
  booktitle = {Forum Qualitative Sozialforschung/Forum: Qualitative Social Research},
  note      = {DOI: \url{https://doi.org/10.17169/fqs-15.1.2043}},
  number    = {1},
  title     = {Ways of doing qualitative content analysis: disentangling terms and terminologies},
  volume    = {15},
  year      = {2014}
}

@misc{so2012large,
  author       = {{Stackoverflow}},
  howpublished = {\url{https://softwareengineering.stackexchange.com/questions/176999/at-what-point-range-is-a-code-file-too-big}},
  note         = {accessed on 12th of August 2021},
  title        = {At what point/range is a code file too big?},
  year         = {{2012}}
}

@incollection{mayring2020qualitative,
  author    = {Mayring, Philipp},
  booktitle = {Handbuch qualitative Forschung in der Psychologie},
  pages     = {495--511},
  publisher = {Springer},
  title     = {Qualitative inhaltsanalyse},
  year      = {2020}
}